<record><leader>00000cas a22000007a 4500</leader><controlfield tag="001">19360400</controlfield><controlfield tag="008">890314d19681972couwr ne      0    0eng d</controlfield><datafield ind1=" " ind2=" " tag="010"><subfield code="a">sn 89052021 </subfield></datafield><datafield ind1=" " ind2=" " tag="040"><subfield code="a">CNQ</subfield><subfield code="b">eng</subfield><subfield code="c">CNQ</subfield><subfield code="d">OCLCQ</subfield></datafield><datafield ind1=" " ind2=" " tag="042"><subfield code="a">msc</subfield></datafield><datafield ind1="0" ind2="0" tag="245"><subfield code="a">Northglenn impressions.</subfield></datafield><datafield ind1=" " ind2=" " tag="260"><subfield code="a">Northglenn, Adams County, Colo. :</subfield><subfield code="b">Will Yocom</subfield></datafield><datafield ind1=" " ind2=" " tag="300"><subfield code="a">v.</subfield></datafield><datafield ind1=" " ind2=" " tag="310"><subfield code="a">Weekly</subfield></datafield><datafield ind1="0" ind2=" " tag="362"><subfield code="a">Vol. 1, no. 1 (Feb. 1, 1968)-v. 5, no. 11 (Apr. 20, 1972).</subfield></datafield><datafield ind1=" " ind2=" " tag="530"><subfield code="a">Available on microfilm from the Colorado Historical Society.</subfield></datafield><datafield ind1=" " ind2=" " tag="580"><subfield code="a">Merged with: Free dispatch, and Thornton-north valley sentinel, to form: Dispatch-sentinel.</subfield></datafield><datafield ind1=" " ind2=" " tag="752"><subfield code="a">United States</subfield><subfield code="b">Colorado</subfield><subfield code="c">Adams</subfield><subfield code="d">Northglenn.</subfield></datafield><datafield ind1="1" ind2="7" tag="785"><subfield code="t">Free dispatch</subfield><subfield code="w">(DLC)sn 90051199</subfield></datafield><datafield ind1="1" ind2="7" tag="785"><subfield code="t">Thornton-north valley sentinel</subfield><subfield code="w">(DLC)sn 89052020</subfield></datafield><datafield ind1="1" ind2="7" tag="785"><subfield code="t">Dispatch-sentinel (Denver, Colo.)</subfield><subfield code="w">(DLC)sn 91052628</subfield></datafield></record>